<?xml version = "1.0" encoding = "UTF-8"?><OAI-PMH xmlns="http://www.openarchives.org/OAI/2.0/" xmlns:xsi="http://www.w3.org/2001/XMLSchema-instance" xsi:schemaLocation="http://www.openarchives.org/OAI/2.0/ http://www.openarchives.org/OAI/2.0/OAI-PMH.xsd"><ListRecords><record><header><identifier>aleph-publish:018476604</identifier></header><metadata><record xmlns="http://www.ddb.de/professionell/mabxml/mabxml-1.xsd"><leader>00629nM2.01200024------h</leader><controlfield tag="LDR">00629nM2.01200024------h</controlfield><controlfield tag="FMT">MH</controlfield><datafield tag="001" ind1="-" ind2="1"><subfield code="a">HT016770284</subfield></datafield><datafield tag="002" ind1="a" ind2="1"><subfield code="a">20110406</subfield></datafield><datafield tag="020" ind1="b" ind2="1"><subfield code="a">129295736</subfield></datafield><datafield tag="021" ind1="-" ind2="1"><subfield code="a">HT000522767</subfield></datafield><datafield tag="025" ind1="o" ind2="1"><subfield code="a">179716832</subfield></datafield><datafield tag="026" ind1="-" ind2="1"><subfield code="a">HBZHT016770284</subfield></datafield><controlfield tag="030">a|1uc||||||17</controlfield><datafield tag="036" ind1="a" ind2="1"><subfield code="a">DXDE</subfield></datafield><datafield tag="037" ind1="b" ind2="1"><subfield code="a">ger</subfield></datafield><controlfield tag="050">||||||||g|||||</controlfield><controlfield tag="051">m|||||||</controlfield><datafield tag="070" ind1="-" ind2="1"><subfield code="a">929</subfield></datafield><datafield tag="080" ind1="-" ind2="1"><subfield code="a">60</subfield></datafield><datafield tag="100" ind1="-" ind2="1"><subfield code="p">Cretschmar, Cornelius</subfield><subfield code="d">1856-1926</subfield><subfield code="9">(DE-588)11672613X</subfield></datafield><datafield tag="101" ind1="-" ind2="1"><subfield code="p">Cretschmar, C.</subfield><subfield code="d">1856-1926</subfield></datafield><datafield tag="101" ind1="-" ind2="1"><subfield code="p">Cretschmar, Corn.</subfield><subfield code="d">1856-1926</subfield></datafield><datafield tag="101" ind1="-" ind2="1"><subfield code="p">Cretschmar, Leopold Cornelius</subfield><subfield code="d">1856-1926</subfield></datafield><datafield tag="101" ind1="-" ind2="1"><subfield code="p">Cretschmar</subfield><subfield code="d">1856-1926</subfield></datafield><datafield tag="331" ind1="-" ind2="1"><subfield code="a">&lt;&lt;Das&gt;&gt; Rheinische Civilrecht in seiner heutigen Geltung</subfield></datafield><datafield tag="334" ind1="-" ind2="1"><subfield code="a">Elektronische Ressource</subfield></datafield><datafield tag="359" ind1="-" ind2="1"><subfield code="a">Dargestellt u. erl. von Cretschmar</subfield></datafield><datafield tag="410" ind1="-" ind2="1"><subfield code="a">Düsseldorf</subfield></datafield><datafield tag="412" ind1="-" ind2="1"><subfield code="a">Bagel</subfield></datafield><datafield tag="425" ind1="-" ind2="1"><subfield code="a">1883</subfield></datafield><datafield tag="425" ind1="a" ind2="1"><subfield code="a">1883</subfield></datafield><datafield tag="610" ind1="a" ind2="1"><subfield code="a">Online-Ausg.:</subfield></datafield><datafield tag="611" ind1="-" ind2="1"><subfield code="a">Frankfurt am Main</subfield></datafield><datafield tag="613" ind1="-" ind2="1"><subfield code="a">Max-Planck-Institut für europäische Rechtsgeschichte</subfield></datafield><datafield tag="619" ind1="-" ind2="1"><subfield code="a">2002</subfield></datafield><datafield tag="619" ind1="a" ind2="1"><subfield code="a">2002</subfield></datafield><datafield tag="637" ind1="-" ind2="1"><subfield code="a">Online-Ressource</subfield></datafield><datafield tag="640" ind1="-" ind2="1"><subfield code="a">[Online-Ausg.]</subfield></datafield><datafield tag="652" ind1="a" ind2="1"><subfield code="a">Online-Ressource</subfield></datafield><datafield tag="653" ind1="-" ind2="1"><subfield code="a">VI, 808 S.</subfield></datafield><datafield tag="655" ind1="-" ind2="1"><subfield code="u">http://dlib-pr.mpier.mpg.de/mfer-cgi/kleioc/0010MFER/exec/books/%22125001%22</subfield><subfield code="x">Digitalisierung</subfield></datafield><controlfield tag="SYS">018476604</controlfield><datafield tag="LOW" ind1="-" ind2="1"><subfield code="a">R0001</subfield></datafield><datafield tag="088" ind1=" " ind2=" "><subfield code="a">929</subfield></datafield></record></metadata></record></ListRecords></OAI-PMH>